1702 2821
1463 83 1490 125 5

171 179 274 224 locis
302 179 410 225 illius
420 175 633 236 Chremyli
660 172 1017 230 cumPaupertate
1033 173 1247 230 colloquii,
1274 173 1348 218 sed
1362 187 1490 233 prae-

173 239 297 308 cipua
322 251 368 295 in
394 234 647 305 lepidissima
673 245 726 288 de
753 246 869 288 istius
897 250 1068 288 conatus
1088 250 1240 287 eventu
1250 247 1489 290 narratione

171 317 447 380 (iim-7763),
474 320 602 364 iidem
628 334 714 363 non
736 320 1068 379 perpenderunt.
1094 317 1192 361 'Sed
1219 318 1345 375 ipsius
1353 321 1489 364 chre-

170 391 286 457 myli‚
313 409 440 454 quem
466 396 658 454 plerique
683 409 766 452 pro
791 393 886 450 viro
905 395 1134 438 iustissimo
1161 393 1387 450 accipiunt,
1422 396 1489 437 in..

166 469 338 527 genium
363 468 458 511 satis
485 474 547 511 est
572 467 868 524 ambiguum'et
878 466 1004 522 magis
1031 465 1314 509 inverecunde
1332 465 1491 507 iactan-

122 550 130 557 ·
165 542 218 584 tis
235 541 362 598 quam
386 542 470 585 viri
496 540 655 583 iustitia
684 540 931 584 excellentis.
1004 539 1079 582 Ille
1106 539 1247 596 quide
1269 539 1492 583 contineu-

168 612 228 654 tia
253 626 327 654 sua
354 618 398 654 et.
422 625 592 655 morum
620 612 859 669 integritate
885 613 1026 654 omnia
1051 626 1200 667 magna
1226 612 1388 653 locutus
1398 617 1492 653 erat

168 683 330 744 (zani.
351 682 442 728 104.
463 683 553 726 105.
572 680 801 736 245-248.)‚
839 682 952 726 idem
977 683 1171 740 profiteri
1182 696 1268 725 non
1282 682 1492 725 erubescit

164 770 210 799 se
234 755 457 813 pecuniam
481 756 609 812 magis
637 747 811 809 diligere
838 769 965 813 quam
999 754 1172 797 unicum
1208 768 1330 796 suum
1357 753 1491 797 filium

163 828 301 882 (2510,
339 842 478 886 neque
521 827 694 870 Plutum
732 826 960 871 admonere
994 832 1185 880 veretur,
1232 832 1281 869 ut
1319 815 1491 879 domuin

161 913 278 942 suam
299 936 302 938 a
326 898 477 955 opibus
527 899 617 943 sive
669 899 775 941 iuste
818 900 906 942 sive
956 898 1108 942 iniuste
1167 900 1341 956 impleat
1381 898 1489 953 (232.

162 970 286 1025 233.)‚
314 986 401 1028 quo
427 973 525 1015 loco
553 972 803 1029 interpretes
824 972 1095 1030 Chremylum
1121 988 1202 1029 pro
1229 973 1324 1016 viro
1352 973 1491 1015 iustis-

160 1038 267 1087 simo
293 1044 545 1101 accipientes
571 1046 751 1089 multum
779 1050 823 1088 et
847 1047 1003 1089 frustra
1030 1060 1074 1088 se
1100 1051 1326 1089 torserunt.
1380 1046 1491 1088 Per-

158 1117 271 1161 versi
298 1118 512 1176 Chremy'li
550 1133 687 1162 mores
716 1118 1013 1162 describuntur
1039 1124 1261 1178 praeterea
1286 1134 1353 1162 vv.
1392 1118 1487 1163 507.

160 1187 278 1242 508„
305 1194 523 1233 occaecata
549 1190 636 1231 eius
670 1189 780 1231 lucri
807 1189 1012 1245 cupiditas
1039 1205 1093 1233 ne
1121 1191 1365 1233 certissimas
1393 1190 1491 1246 qui-

165 1262 261 1304 dem
288 1267 437 1305 contra
463 1261 639 1304 dicentis
658 1256 919 1318 Paupertatis
946 1262 1101 1319 accipit
1126 1263 1310 1306 rationes
1338 1262 1492 1316 (571—

166 1334 258 1380 573.
289 1333 547 1388 bos-6000.
602 1335 707 1377 Item
732 1334 1014 1392 Blepsidemus
1041 1336 1254 1394 Chremyli
1281 1335 1417 1379 socius
1445 1341 1489 1378 et

161 1406 330 1449 adiutor
364 1406 494 1449 homo
534 1403 617 1448 est*
632 1406 909 1463 ineptissimus
948 1408 1078 1463 (lege⁴
1101 1421 1204 1463 prae
1240 1407 1391 1449 ceteris
1418 1421 1486 1448 vv.

162 1474 447 1530 613—*618.),
487 1481 531 1518 et
568 1477 692 1520 amici
726 1483 904 1533 agrestes
941 1492 990 1520 ex
1016 1472 1236 1534 plebecula
1262 1483 1359 1521 sunt
1384 1493 1491 1534 pan-

159 1543 345 1602 perrima
372 1548 600 1602 (218-220.
628 1540 1092 1604 223-224.'253-254.
1136 1550 1230 1594 263.
1267 1548 1489 1593 282-283.

164 1611 450 1670 (iv—6283,
485 1621 679 1678 lucrique
718 1620 857 1663 studio
885 1621 1092 1664 acerrimo
1120 1621 1310 1677 correpti
1338 1619 1492 1674 (328-

118 1693 128 1701 ⁸
162 1687 284 1740 331.).
329 1690 435 1732 eum
464 1690 593 1745 igitur
618 1698 756 1734 totum
781 1692 866 1735 hoc
893 1692 1108 1749 inceptum
1134 1693 1349 1735 salsissime
1375 1691 1490 1734 deri-

166 1758 270 1802 serit
294 1764 420 1817 poeta
458 1764 501 1801 et
536 1765 747 1817 tamquam
784 1761 1024 1806 hominibus
1051 1761 1239 1806 absurdis
1267 1768 1312 1805 et
1336 1761 1488 1804 insanis
1532 1811 1534 1814 ι

166 1830 337 1889 dignum
364 1831 648 1889 descripserit:
686 1833 864 1876 omnis*
889 1834 968 1876 vis
1005 1834 1205 1877 comica
1241 1834 1295 1875 in
1328 1834 1490 1875 istam

170 1906 411 1950 insanam
438 1905 745 1949 ditescendi
773 1908 1129 1964 cupiditatem
1156 1913 1209 1949 et
1236 1909 1490 1964 ineptum

168 1978 318 2021 luci-i
344 1969 586 2020 studium
613 1978 777 2021 cadit.
831 1977 916 2020 Sed
948 1978 1235 2035 Aristophanis
1274 1979 1489 2036 ingenium

168 2063 266 2096 eum
290 2049 533 2093 tam'fuerit
558 2050 723 2098 varium
750 2055 793 2093 et
829 2050 951 2093 nullis
991 2050 1181 2094 terminis
1221 2055 1488 2102 contentum,

165 2120 218 2160 ad
242 2122 327 2164 hoc
353 2122 621 2178 propositum
645 2137 731 2164 non
760 2123 898 2164 omnia
932 2125 1095 2166 referre
1132 2125 1378 2183 cogebatur:
1399 2137 1484 2178 po-

81 2239 86 2243 *
168 2199 276 2236 terat
302 2195 440 2238 obiter
466 2194 645 2239 illudere
684 2210 752 2239 eos
766 2226 778 2248 ,
818 2196 891 2254 qui
927 2196 1088 2240 iniustis
1124 2197 1282 2240 artibus
1321 2195 1480 2239 divitias

166 2265 307 2324 adepti
341 2275 475 2311 essent
512 2267 781 2323 (502-504);
820 2276 989 2326 poterat
1026 2272 1166 2313 obiter
1201 2269 1481 2327 perstringere

170 2337 323 2383 civium
349 2339 394 2382 in
421 2340 585 2386 iudiciis
624 2341 903 2388 contendendi
944 2347 984 2383 et
1019 2342 1157 2387 litium
1196 2335 1480 2382 diiudicanda-
