1702 2821
1470 130 1520 170 25

180 238 306 292 taque
327 234 529 279 editiones
559 226 868 289 antiquissimae
890 232 956 285 (cf.
971 231 1135 282 Dobr.),
1156 230 1280 287 idque
1298 233 1523 291 legendum

182 322 279 358 esse*
295 306 405 352 ratio
448 304 612 348 evincit.
669 299 770 346 Nam
797 304 893 359 post
920 319 958 346 v.
988 302 1081 347 958.
1110 318 1139 344 s.
1170 303 1264 346 959.
1296 309 1393 349 cum
1423 309 1520 350 viro

182 387 292 428 iusto
320 377 486 424 scenam
513 370 713 433 relinquit
730 379 732 384 '
748 370 1003 433 Chremylus.
1035 431 1040 434 ‚
1083 375 1285 431 Sequitur
1313 376 1453 432 Χοροῦ
1488 394 1518 422 ς.

182 456 391 497 canticum
419 444 559 502 ehori3
589 456 674 506 quo
703 440 823 490 finito
851 448 968 489 venit
980 448 1250 504 vetula3quae
1268 447 1322 489 ad
1344 439 1522 492 chorum

179 536 379 568 conversa
407 514 518 577 (Ἆρ’
559 514 597 561 ὦ
632 516 756 574 φίλοι
791 515 1022 575 γέροντες),
1068 516 1164 560 euni
1204 518 1257 561 de
1305 519 1521 562 domicilio

180 596 282 638 novi
327 595 395 636 dei
430 580 726 650 percontatur:
779 584 967 652 γέροντες
1015 586 1154 633 autem
1193 593 1440 650 Chremylus
1481 599 1524 635 et

179 667 248 709 vir
285 667 414 708 iustus
449 655 535 708 esse
571 680 657 707 non
684 661 871 722 “possunt‚
901 660 999 708 cuni
1019 665 1105 718 hic,
1141 657 1255 706 intus
1278 666 1331 723 ad
1351 667 1526 708 Plutum

177 739 397 793 ingressus,
432 738 478 779 in
511 738 624 779 exitu
659 734 829 779 'demum
858 739 1035 791 fabulae,
1068 738 1143 779 uhi
1173 738 1322 779 Plutus
1350 737 1404 778 ad
1440 739 1525 780 Mi-

178 825 334 853 nervae
365 807 650 861 ὄπισθόὃομον
680 811 921 862 deducitur,
953 825 1096 853 rursus
1119 812 1163 852 in
1195 815 1318 853 scena
1351 825 1525 865 compa-

179 889 285 925 reat·
345 884 509 921 Chorus
550 883 680 934 igitur
716 881 814 920 Cum
859 882 1139 933 interrogatus
1173 888 1278 920 esset.
1311 898 1337 920 a
1370 884 1523 933 vetula,

177 969 282 996 -eum
330 966 502 1009 quoque
545 948 808 1006 respondere
854 946 933 1005 par
972 956 1086 1002 erat,
1131 952 1246 1008 quod
1287 965 1373 993 non
1417 955 1526 1010 fugit

180 1027 468 1077 scholiastem,
503 1026 557 1068 ad
591 1026 670 1067 hos
702 1039 845 1067 versus
881 1031 1170 1068 annotantem
1212 1023 1525 1082 προσπαίζουσι.

177 1099 230 1156 τῇ
269 1093 525 1155 πρεσβύτιδι,
547 1094 602 1139 οἱ
636 1090 908 1153 γέροντές.
961 1098 1173 1140 Bentleius
1208 1113 1358 1141 eorum
1388 1101 1524 1142 libro-

180 1187 279 1216 rum
340 1172 414 1228 qui
461 1172 544 1214 Xo.
595 1170 794 1213 exhibent
868 1171 1164 1213 auctoritatem
1203 1186 1254 1213 eo
1293 1173 1524 1228 infringere

173 1244 384 1294 tentavit,
412 1249 460 1284 ut
490 1247 693 1285 statueret
718 1241 799 1284 Xo.
839 1256 926 1284 non
965 1255 1052 1285 esse
1093 1242 1232 1299 Χορός
1264 1243 1336 1285 sed
1358 1244 1523 1299 Χοροῦ,

185 1324 230 1359 et
254 1318 338 1359 hoc
367 1318 462 1358 loco
494 1316 614 1360 chori
644 1317 829 1358 carmina
862 1318 966 1358 olim
993 1307 1289 1368 fuissesnunc
1325 1316 1519 1360 deficere.

182 1392 303 1433 Conf.
333 1391 564 1444 Comment.
601 1391 646 1430 in
671 1388 888 1446 Aristoph.
918 1390 971 1431 ed
994 1390 1121 1432 Beck.
1147 1395 1250 1431 tom.
1269 1392 1335 1431 ΙΙΙ.
1359 1405 1403 1445 p.
1425 1391 1520 1434 513.

184 1462 238 1502 ad
268 1478 309 1504 v.
334 1461 428 1505 963.
486 1462 688 1503 Profecto
717 1460 957 1503 mirandum
990 1466 1053 1508 est
1081 1466 1124 1502 et
1150 1462 1245 1502 viro
1270 1477 1420 1517 magno
1437 1462 1523 1502 hoc

185 1534 377 1576 excidere
404 1539 446 1576 et
483 1535 535 1576 ab
563 1535 652 1576 aliis
685 1531 861 1590 probari
890 1528 1093 1590 potuisse:
1143 1533 1248 1590 quid
1291 1534 1406 1575 enim
1442 1547 1525 1589 po-

184 1612 268 1647 test
294 1607 477 1661 ineptius
507 1607 685 1663 cogitari
698 1639 712 1659 ,
749 1622 877 1664 quam
903 1607 1047 1648 vetula
1075 1611 1306 1663 quaerente
1344 1605 1526 1650 'chorum

186 1691 274 1717 non
301 1677 558 1731 respondere
597 1678 670 1719 sed
708 1680 887 1720 canere?
939 1678 1105 1720 Chorus
1141 1678 1273 1733 igitur
1307 1674 1361 1718 ad
1399 1684 1524 1719 vetu-

186 1749 251 1788 lae
291 1748 579 1802 quaestionem
620 1750 872 1804 respondet,
929 1757 973 1791 et
1031 1764 1128 1792 cum
1172 1750 1244 1791 illa
1281 1750 1325 1789 in
1367 1763 1418 1790 eo
1458 1763 1523 1789 es-

187 1822 271 1870 set,
300 1823 350 1859 ut
377 1817 587 1875 quendam
615 1832 663 1857 ex
694 1819 822 1857 domo
851 1817 1066 1871 Chremyli
1103 1821 1329 1861 advocaret
1356 1834 1394 1858 v.
1425 1817 1522 1861 964.

187 1904 218 1930 s.
249 1889 342 1933 965.
356 1922 369 1943 ,
410 1890 657 1945 Chremylus
685 1888 775 1944 ipse
802 1888 846 1929 in
875 1900 1042 1929 scenam
1067 1887 1306 1943 procedens
1348 1890 1454 1933 dicit
1481 1902 1521 1930 v.

189 1959 281 2004 965.
312 1977 343 2004 s.
373 1960 472 2006 966}

411 2031 471 2091 μὴ
504 2031 620 2089 δῆτ’,
650 2030 734 2091 ἔγω
761 2035 839 2092 γὰρ
867 2031 995 2085 αὖτός
1022 2028 1259 2089 ἐξελήλυθα.

299 2110 400 2158 Tria
428 2112 585 2171 igitur
586 2111 709 2153 chori
738 2125 929 2167 munera
937 2111 992 2169 in
995 2110 1142 2176 Pluto
1148 2110 1544 2177 v1d1‘muszflEae

194 2175 335 2224 fabula
363 2197 461 2223 cum
488 2197 536 2223 ea
547 2197 595 2225 re
624 2172 677 2224 ad
704 2183 885 2225 mediam
903 2168 1142 2240 novarnque
1161 2183 1331 2226 accedat
1349 2196 1519 2225 comoe-

196 2251 326 2305 diam,
354 2252 500 2311 quod
489 2261 600 2307 122*ss
617 2255 751 2301 choro
776 2262 819 2300 et
836 2256 1026 2315 Rarahasi
1053 2262 1191 2318 caret,
1231 2256 1393 2312 aliaque
1430 2254 1518 2296 eius
1552 2284 1558 2324 3
1652 2291 1692 2319 ,7

199 2325 374 2376 indicia,
403 2327 487 2367 iam
522 2326 705 2370 indicata
742 2332 786 2371 et
817 2343 914 2371 mox
952 2314 1193 2380 indicanda,
1230 2327 1446 2383 praebeat,
1476 2332 1522 2368 et
1553 2327 1561 2353 '¹
1658 2323 1675 2342 ³

199 2412 223 2438 a
251 2398 526 2453 grammaticis
554 2399 737 2457 antiquis
764 2400 817 2444 ad
856 2415 948 2444 eam
985 2400 1214 2445 referaturz
1250 2397 1377 2441 talem
1412 2396 1521 2440 cho-

1270 2497 1298 2543 4
