1702 2821
166 588 229 628 De
256 585 385 628 Pluto
417 580 583 624 mediae
625 579 875 629 comoediae
902 578 1075 634 sabulis
1104 577 1444 620 annumeranda.
1471 579 1475 589 '

259 733 450 779 Vidimus
515 727 839 789 Aristophanem
893 731 938 772 in
1003 731 1130 773 Pluto
1200 726 1476 787 quemadmo-

141 808 244 855 dum
280 810 327 851 iu
366 807 516 850 ceteris
555 806 638 847 suis
675 805 825 848 fabulis
871 805 1107 861 aequalium
1143 802 1246 845 vitia
1286 804 1477 859 descrip-

140 882 252 933 sisse,
278 892 434 935 eosque
461 877 515 921 ad
542 878 621 919 ista
647 876 844 933 fugienda
872 876 1137 917 exhortatum
1163 888 1263 916 esse.
1312 873 1478 916 Nihilo-

140 954 277 997 minus
311 953 492 995 multum
529 951 702 993 differre
736 950 910 993 Plutum
949 950 1002 991 ab
1038 949 1127 991 aliis
1156 947 1291 990 nostri
1325 953 1479 1004 poetae

141 1023 370 1069 comoediis
390 1029 437 1065 et
447 1023 612 1079 antiqui
638 1023 898 1078 grammatici
920 1027 1140 1063 senserunt
1167 1026 1210 1063 et
1221 1020 1477 1062 recentiores

141 1083 297 1137 artium
338 1093 636 1142 existimatores
665 1094 965 1149 significarunt.
1032 1087 1099 1134 De
1125 1092 1206 1134 hac
1234 1092 1364 1148 igitur
1392 1090 1481 1132 dis-

141 1166 360 1221 crepantia
388 1167 470 1207 iam
498 1165 738 1220 explicatius
780 1163 1007 1206 dicendum
1038 1169 1118 1216 est,
1165 1163 1281 1222 quod
1308 1162 1482 1221 quidem

141 1239 202 1280 ita
229 1238 514 1290 instituemus,
555 1243 603 1278 ut
628 1242 871 1293 argumenta
898 1243 1135 1280 ceterarum
1162 1235 1478 1279 comoediarum

140 1309 433 1366 ¹Aristophanis
469 1309 613 1365 paucis
640 1308 885 1351 adumbrata
921 1324 1018 1351 cum
1044 1309 1171 1351 Pluto
1201 1299 1476 1351 conferamus.

249 1387 298 1427 In
335 1382 782 1426 Acharnensibus
821 1382 1048 1437 exagitatur
1073 1395 1273 1437 perversa
1300 1381 1477 1423 Atheni-

63 1492 65 1494 .
142 1457 305 1500 ensium
343 1457 445 1499 belli
481 1455 830 1511 Peloponnesiaci
872 1454 1046 1511 gerendi
1086 1454 1304 1511 cupiditas.
1371 1455 1479 1496 Belli

144 1526 319 1583 cupidos
346 1527 574 1570 acerrimus
601 1527 784 1568 bellator
810 1526 1040 1568 Lamachus
1067 1531 1374 1582 repraesentat,
1402 1540 1480 1581 pa-

144 1600 205 1642 cis
242 1606 424 1641 amantes
451 1599 741 1655 Dicaeopolis‚
777 1591 894 1641 cuius
932 1613 1132 1655 persona,
1175 1599 1362 1655 quamvis
1400 1614 1481 1640 no-

144 1685 244 1718 men
270 1673 415 1714 fictum
442 1672 515 1725 sit,
559 1686 708 1729 magna
728 1671 1054 1715 *Atheniensium
1080 1687 1177 1730 pars
1204 1673 1318 1729 pacis
1347 1672 1480 1715 studi-

147 1760 221 1788 osa
247 1744 633 1800 comprehenditur·
706 1746 754 1786 In
785 1746 1091 1803 *Equitibus
1120 1747 1165 1788 vi
1193 1748 1353 1789 comica
1379 1760 1479 1789 vere

146 1816 362 1861 horrenda
398 1809 563 1860 Cleonis
603 1822 647 1858 et
691 1815 1015 1874 demagogorum
1061 1818 1259 1859 effrenata
1306 1816 1480 1860 audacia

146 1903 378 1946 magnaque
405 1888 672 1931 incommoda
686 1888 800 1940 inde¹
814 1889 860 1930 in
886 1904 977 1931 rem
1004 1889 1217 1944 publicam
1237 1889 1479 1932 redundan-

148 1964 209 2007 tia
235 1961 540 2006 describuntur.
586 1962 635 2004 Iu
661 1960 902 2015 Nubibus
929 1960 1188 2018 perniciosae
1199 1961 1384 2004 Socratis
1410 1976 1480 2004 so-

147 2034 466 2091 plumarumque
504 2039 616 2077 artes
654 2040 864 2076 notantur.
922 2035 970 2076 In
1004 2034 1077 2077 Ve
1090 2050 1107 2075 s
1122 2034 1207 2089 pis
1250 2034 1479 2095 altercandi

151 2111 195 2147 et
224 2106 436 2150 iudicandi
463 2106 507 2148 in
536 2105 701 2150 iudiciis
728 2106 911 2150 studium
938 2107 1094 2150 Cleone
1122 2112 1295 2150 auctore
1324 2093 1477 2152 excita-

151 2187 241 2224 tum
281 2182 602 2237 perstringitur;
670 2182 716 2223 in
760 2183 897 2224 Pace
941 2189 983 2223 et
1021 2184 1340 2238 Lysistrata
1376 2184 1475 2224 belli

154 2254 425 2300 continuandi
452 2257 636 2300 studium
664 2263 708 2300 et
733 2259 845 2313 pacis
874 2257 1036 2314 odium;
1073 2259 1116 2299 in
1135 2256 1475 2301 AvibusAtbe-

154 2329 359 2374 niensium
385 2345 476 2387 spes
505 2347 654 2385 vanae,
692 2319 838 2388 magna
867 2339 909 2375 et
934 2346 1059 2388 supra
1093 2332 1264 2373 modum
1291 2329 1475 2372 difficilia

155 2404 343 2449 tentandi
389 2406 616 2463 cupiditas,
667 2422 895 2465 eorumque
943 2400 1147 2463 expeditio
1171 2398 1237 2446 ¹in
1288 2402 1475 2447 Siciliam
