1702 2821
192 105 267 151 264

211 224 405 283 Thucyd.
420 226 546 286 ‘VlIL
574 225 641 270 28.
669 223 839 270 29:36.
888 223 980 267 >Sed
1011 234 1098 267 non
1112 223 1260 268 multo
1274 228 1520 280 <poenum

190 297 452 340 ,Alcibiades
481 299 528 339 in
546 296 988 339 Lacedaemoniorum
1013 297 1522 352 venissetrsuspicionem,

183 366 195 409 ’ς
211 370 246 410 is
283 368 560 426 Tissapherni
608 365 842 423 persuasit,
893 371 944 408 ut
984 365 1307 422 Peloponnesiis
1339 368 1532 424 :pai-eius,

180 442 183 445 ’
211 440 398 485 solveret
422 438 648 496 pecunias,
677 451 916 494 eorumque
943 451 1012 479 res
1041 438 1277 482 maritimas
1306 453 1520 483 summere

183 519 355 552 -auctas
410 523 553 551 rursus
605 509 874 565 infringeret.
948 508 1145 566 Thucyd.
1182 510 1305 562 Vm„
1333 511 1401 556 45.
1444 509 1519 555 46·

186 580 426 622 ·Plutarch.
463 580 601 621 Alcib.
642 593 681 622 c.
711 582 777 623 25.
854 581 1020 622 Contra
1055 596 1154 623 cum
1187 580 1519 623 Atheniensibus

211 653 255 692 in
283 653 465 707 gratiam
488 651 636 692 redire
678 665 721 692 se
760 665 920 706 cupere
963 653 1111 693 amicis
1142 654 1227 696 suis
1254 653 1297 692 in
1328 654 1520 695 exercitu

211 723 464 764 Atheniensi
504 721 558 762 ad
606 722 778 761 Samum
818 723 1183 762 commorantibus
1219 723 1414 770 dicebat3
1459 728 1518 773 et,

213 809 299 849 quo
328 793 499 833 facilius
524 808 548 833 a
578 791 741 833 civibus
772 792 857 833 suis
887 792 1012 834 exilio
1053 792 1335 845 liberaretur,
1374 796 1520 835 Tissa-

208 864 384 920 phernis
420 863 620 904 auxilium
650 876 694 902 se
733 869 909 905 auctore
946 863 1295 906 Lacedaemoniis
1333 877 1521 904 nonvso-

210 937 300 977 lum
328 942 524 990 ereptum
553 936 632 987 iri,
678 935 752 976 sed
780 936 873 975 fo're
904 936 1056 987 etiam,
1095 943 1144 975 ut
1172 936 1359 976 eiusdem
1391 950 1518 976 naves

211 1014 255 1048 et
282 1008 394 1062 regis
406 1007 636 1046 Persarum
664 1008 895 1048 immensae
926 1006 1100 1048 divitiae
1129 1007 1174 1047 in
1197 1005 1519 1047 Atheniensium

164 1082 168 1107 ἶ
211 1092 336 1118 usum
365 1084 409 1118 e't
439 1076 712 1119 commodum
756 1077 1068 1128 concederent,
1114 1078 1255 1127 verbis
1282 1077 1518 1131 magnificis

161 1178 164 1183 1
209 1148 512 1203 pollicebatur.
580 1147 774 1204 Thucyd.
805 1147 916 1189 VIII.
944 1146 1015 1192 48.
1055 1143 1345 1197 ὗποτείνοντος
1383 1142 1518 1188 αὐτοῦ

208 1219 422 1273 (Alcih.)
488 1219 784 1276 Τισσαφέρνην
822 1217 903 1272 μὲν
944 1218 1137 1274 πρῶτον,
1180 1217 1321 1262 ἔπειτα
1363 1218 1410 1260 δὲ
1434 1217 1522 1260 ,καὶ

207 1287 389 1345 βασιλέα
426 1288 553 1346 φίλον
599 1288 803 1345 ποιήσειν.
844 1290 1117 1334 „Alcibiadis
1160 1291 1288 1332 amici
1333 1290 1520 1331 militum

209 1361 372 1402 animos
401 1360 698 1403 huiuscemodi
725 1362 944 1417 promissis
984 1360 1244 1403 excitabant:
1291 1357 1358 1402 ὅτι
1391 1363 1519 1415 ,βασι-

207 1433 306 1482 λεῦς
334 1429 460 1488 σφίσι
486 1432 613 1489 φίλος
642 1430 782 1475 ἔσοιτο
821 1431 894 1473 καὶ
915 1430 1114 1487 χρήματα
1139 1430 1313 1487 παρέξοι
1332 1426 1520 1486 Ἀλκιβι-

208 1503 316 1546 άδου
341 1507 344 1511 ’
365 1501 653 1553 κατελθόντος.
722 1504 898 1545 Athenis
937 1519 1036 1544 cum
1074 1506 1365 1545 innotesceret
1401 1503 1520 1544 Alci-

208 1577 385 1618 biadem
412 1575 559 1617 moliri
588 1575 778 1616 reditum
806 1576 850 1616 in
868 1575 1068 1630 patriam,
1091 1590 1268 1631 eamque
1289 1575 1518 1629 Persarum

210 1648 369 1689 auxilio
403 1653 446 1687 et
470 1648 666 1701 pecuniis
711 1645 1050 1688 conservandam
1091 1653 1217 1702 atque
1248 1663 1272 1687 a
1300 1648 1516 1701 ferocibus

207 1718 535 1772 Peloponnesiis
566 1716 878 1758 defendendam
908 1719 952 1758 in
983 1732 1025 1759 se
1056 1720 1288 1773 suscipere,
1317 1720 1353 1759 si
1377 1732 1519 1773 popu-

208 1788 299 1829 lare
329 1790 563 1844 imperium
590 1788 838 1828 tolleretur:
873 1795 1054 1844 propter
1092 1803 1187 1830 eam
1223 1789 1517 1832 conditionem

208 1859 333 1901 multi
378 1859 442 1900 ira
483 1859 785 1911 ardescebant,
826 1874 920 1901 rem
956 1861 1130 1902 civitate
1168 1860 1388 1915 indignam
1427 1875 1515 1902 esse

210 1931 465 1982 clamabant,
497 1930 571 1971 alii
599 1931 866 1972 Alcibiadem
899 1932 1021 1972 exilio
1064 1932 1244 1973 liberari
1274 1945 1362 1971 non
1393 1947 1517 1987 posse

211 2003 477 2044 dictitabant.
533 2001 639 2053 Sed,
670 2016 799 2053 ecce,
829 2002 1065 2054 Pisander,
1094 2002 1329 2049 Alcibiadis
1359 2002 1516 2044 amicus

210 2080 254 2114 et
282 2073 475 2124 adiutor,
512 2080 608 2128 post
644 2073 797 2114 multos
839 2073 1046 2116 clamores
1088 2082 1131 2116 et
1176 2075 1517 2117 concertationes

210 2145 470 2189 acerrimum
498 2159 708 2200 quemque
750 2145 1063 2200 interrogabat,
1104 2161 1207 2187 num
1235 2146 1316 2187 alia
1349 2146 1517 2188 ratione

208 2217 363 2259 urbem
422 2230 595 2258 servare
654 2217 706 2255 ab
758 2216 1034 2272 hostibusque
1085 2218 1316 2260 defendere
1371 2208 1515 2259 sciret.

161 2269 189 2337 J
207 2290 318 2331 Cum
348 2302 495 2330 omnes
532 2295 751 2339 tacerent,
791 2304 924 2330 unum
954 2290 1216 2333 Alcibiadem
1242 2290 1518 2345 Peloponne-

158 2351 177 2410 ’ξ’
206 2360 293 2406 sios
321 2361 556 2406 ‚victurum
601 2360 914 2419 Persarumque
973 2359 1517 2422 divitiasffififtbeniemimbus

163 2410 171 2441 f
659 2409 755 2422 'Ami
896 2409 1005 2418 „nst-„0⁴
1014 2410 1136 2418 ...m-«n-
