1702 2821
1387 120 1444 167 5?

139 249 331 294 Pn‘mum
377 243 581 289 videlicet
626 238 805 283 Kusteri
857 237 1075 304 iudicium¹
1103 241 1272 289 incaute
1301 233 1447 288 „sunm

140 321 346 367 fac-iehan
386 324 481 359 tum
494 318 646 365 *νει-ο,
678 326 777 353 cum
804 310 1118 369 legissetiapud
1134 315 1443 368 §grammaticos

121 409 168 435 ·a
203 392 325 432 nobis
366 400 495 440 supra
538 383 730 426 laudatos
775 383 949 426 Plutum
993 384 1283 440 posteriorem
1321 386 1444 430 chori

140 461 327 503 canticis¹
343 456 552 514 privatam
581 469 670 497 esse
700 450 756 507 (ὅ
788 455 989 504 Πλοῦτος
1012 452 1445 509 χορῶνιὲστέρηται),

142 540 186 574 et
212 529 348 571 nihilo
375 529 514 569 minus
542 528 589 567 in
619 533 766 567 nostra
801 512 948 568 fabula
975 524 1097 566 chori
1124 532 1270 582 partes
1303 531 1448 567 extare

138 600 319 651 videret,
363 612 433 640 eas
477 611 526 638 ex
552 596 678 638 Pluto
706 596 855 651 priore
884 602 1038 637 sumtas
1071 596 1349 637 existimabat.
1380 595 1449 637 Cf.

141 668 196 713 ad
221 685 263 712 v,
292 669 402 720 960„
434 667 488 710 ad
517 682 644 724 quem
671 667 859 723 scripsit:
900 667 1044 709 Haec
1069 674 1131 709 ut
1168 668 1447 724 pleraque

138 741 300 783 huius
346 740 607 782 dramatis
660 737 959 788 manifesto
1009 744 1134 779 sunt
1176 726 1237 780 er
1282 738 1449 781 Pluto

106 805 112 824 ''
136 812 352 869 priore,
393 813 450 853 in
495 825 603 867 quo
636 810 834 852 chorus
863 826 985 852 suas
1018 810 1215 865 agebat
1241 816 1448 864 partes-

139 884 226 925 Sed
262 885 347 925 iam
386 891 485 926 ante
525 863 787 924 Brunckidm
833 888 927 922 tum
965 880 1018 921 de
1055 882 1182 922 Pluto
1220 889 1313 922 tum
1358 880 1447 923 eius

138 954 308 995 scholiis
338 955 505 1010 egregie
537 955 715 995 meritus
738 958 831 992 erat
859 951 960 991 Tib
973 952 1119 993 erius
1152 952 1192 992 H
1207 968 1229 993 e
1243 969 1287 993 m
1301 968 1318 993 s
1331 961 1351 994 t
1365 969 1388 994 e
1403 969 1450 994 r·-

139 1022 350 1066 husius:
381 1026 454 1080 qui
484 1025 659 1080 quidem
687 1024 858 1065 sibimet
885 1023 967 1079 ipsi
1001 1021 1053 1074 de
1080 1022 1162 1063 hac
1196 1025 1449 1079 quaestione

141 1085 333 1135 nondum
363 1095 460 1136 satis
493 1101 715 1147 constare,
760 1080 927 1150 partim
949 1108 1053 1134 vero
1083 1093 1188 1134 falsa
1216 1094 1269 1134 de
1296 1109 1346 1135 ea
1375 1108 1451 1135 co-

139 1162 290 1220 gitass‘e
321 1173 364 1207 et
389 1166 530 1208 multis
559 1166 664 1207 locis
703 1164 891 1208 ostendit
929 1171 972 1206 et
998 1180 1041 1221 p.
1068 1164 1138 1207 39.
1167 1179 1228 1221 sq.
1257 1164 1321 1206 his
1351 1179 1452 1206 ver-

138 1234 204 1277 his
246 1237 566 1292 pronunciavit:
626 1238 701 1277 De
750 1234 971 1292 duplici
1011 1250 1142 1277 vero
1188 1235 1351 1277 Pluto
1391 1240 1450 1276 et

142 1306 376 1348 scholiis
423 1308 487 1349 ad
529 1314 819 1364 utramque
853 1306 1095 1349 *fabulae
1138 1306 1450 1348 editionem

141 1376 405 1431 diversis,
459 1378 585 1434 quia
635 1393 723 1420 res
778 1383 858 1419 est
896 1377 1086 1433 paullo
1132 1378 1450 1419 difficilior

139 1448 395 1505 nodoque
439 1465 542 1491 non
585 1465 690 1490 uno
741 1449 1034 1500 intricata,
1079 1447 1218 1490 alibi
1262 1450 1324 1491 de
1368 1451 1449 1491 in-

140 1516 355 1560 dustria
392 1535 627 1576 agemus.
695 1520 788 1560 Hoc
820 1533 976 1561 nomen
1009 1535 1097 1560 non
1127 1521 1253 1566 solvit
1280 1521 1350 1561 vir
1380 1521 1451 1560 in-

140 1592 349 1645 geniosus,
379 1592 536 1647 idque,
578 1598 627 1633 ut
652 1591 758 1633 mihi
790 1591 964 1647 quidem
1002 1592 1197 1645 videtur,
1240 1607 1328 1633 non
1357 1590 1451 1633 mass-

141 1667 329 1720 gnopere
361 1661 592 1703 dolendum
623 1670 697 1705 est.
752 1664 859 1704 Nam
888 1678 985 1704 cum
1003 1664 1075 1705 ille
1106 1671 1149 1705 et
1177 1664 1231 1704 ad
1258 1664 1449 1718 priorem

139 1723 310 1774 Plutum
342 1740 385 1774 et
415 1734 469 1774 ad
495 1724 781 1789 posteriorem
810 1734 970 1775 scholia
999 1743 1159 1781 exstare
1179 1735 1447 1791 persuasissi-

139 1819 256 1844 mum
284 1805 365 1845 sibi
396 1805 590 1858 haberet,
622 1806 877 1846 sententiam
896 1807 1200 1847 Kusterianam
1230 1808 1349 1861 sequi
1369 1806 1447 1846 de-

140 1874 291 1924 bebat3
336 1878 370 1918 is
401 1878 538 1929 enim,
581 1878 653 1934 qui
688 1877 848 1919 scholia
891 1876 1112 1931 utriusque
1140 1877 1334 1929 fabulae,
1375 1892 1448 1918 ea-

144 1947 325 2006 demque
354 1948 409 1988 ad
440 1955 628 1991 nostram
654 1950 900 2005 spectantia,
928 1948 1053 1989 mixta
1078 1963 1165 1990 esse
1195 1947 1448 2001 arbitratur,

145 2010 277 2063 idem*
314 2020 581 2062 comoediam
634 2030 820 2064 nostram
866 2035 914 2061 ex
959 2027 1164 2075 utraque,
1213 2020 1363 2074 priore
1406 2025 1451 2060 et

141 2090 379 2142 posteriore
395 2120 408 2140 ,
449 2089 675 2132 conflatam
717 2091 949 2134 existimare
992 2090 1141 2132 debet:
1188 2106 1315 2147 quem
1355 2090 1450 2146 qui-

145 2158 242 2198 dem
286 2173 477 2200 errorem
518 2162 603 2201 iam
635 2171 732 2205 ante
770 2164 866 2205 satis
899 2163 1056 2219 notavi.
1115 2163 1202 2204 Sed
1229 2165 1448 2205 Hemster-

146 2228 290 2269 husius
332 2230 549 2271 interdum
589 2233 766 2275 ulterius
809 2242 872 2276 est
897 2250 1159 2292 progressus,
1200 2236 1259 2275 ita
1290 2243 1336 2276 ut
1362 2241 1449 2273 sta-

144 2308 291 2351 tueret
314 2302 497 2348 inveniri
524 2304 702 2359 scholia,
733 2323 841 2363 quae
873 2298 1063 2359 nost-ram
1086 2306 1281 2349 <fabulam
1311 2306 1449 2346 inter-

145 2373 311 2428 pretari
341 2373 586 2431 neutiquam
612 2386 810 2435 possent,
850 2380 1034 2436 ideoque
1063 2377 1119 2421 ad
1144 2377 1301 2433 prioris
1330 2375 1452 2421 Piuti

1144 2447 1175 2487 8
