1702 2821
1460 95 1513 138 39

196 184 356 227 ensium
381 184 567 232 vexavit,
610 180 825 235 idemque,
871 193 997 234 quem
1032 182 1157 233 poeta
1197 183 1277 224 iam
1313 184 1357 230 in
1385 184 1513 229 Pluto

200 256 346 311 priore
374 272 398 297 a
424 269 471 296 re
498 250 668 307 publica
690 248 941 305 capescenda
968 248 1231 305 prohibitum
1258 267 1339 296 esse
1369 271 1516 297 narra-

197 330 280 382 vit,
307 328 487 372 sedecim
513 329 608 383 post
643 324 759 385 anag-is
785 311 845 371 ut
870 311 1180 385 potentissimus
1207 326 1515 385 acerrimusque

184 402 439 456 'demagogus
478 394 738 438 describitur.
815 397 961 437 Nonne
1003 396 1257 454 mirandum·
1278 403 1383 443 esset
1422 415 1515 442 eum

198 473 488 523 demagogum,
527 469 600 527 qui
635 472 722 515 tam
759 467 834 518 diu
862 469 1078 522 viguisset,
1116 484 1139 509 a
1167 469 1451 524 Xenophonte
1480 479 1520 511 et

196 540 388 583 Diodoro
417 554 470 581 ne
483 538 802 580 commemorari
815 538 1003 594 quidem,
1032 540 1293 597 eundemque
1321 542 1365 582 in
1386 541 1523 595 Ranis,

203 625 308 667 quae
349 611 488 652 fabula
527 609 638 649 inter
682 608 856 669 PIUQ
900 610 1106 671 prioQ
1144 616 1187 650 et
1209 610 1523 668 ,Ecclesiazusas

198 682 365 738 Olymp.
403 680 545 721 XCIII.
584 679 624 721 3.
675 678 798 720 docta
840 685 919 731 est,
972 678 1087 721 haud
1125 680 1383 736 descriptum
1412 685 1523 724 esse?

197 756 315 806 Quae
344 754 602 795 difficultates
631 768 773 794 omnes
805 759 1072 805 amoventur,
1102 755 1136 794 si
1164 755 1384 796 statuimus
1411 758 1525 797 Neo-

197 827 348 869 clidem
375 841 459 867 non
489 827 562 866 diu
589 824 1301 887 aQssCCIeSiEERQEEZ-RQIQEES
1339 829 1390 870 ad
1433 846 1525 872 rem

194 901 405 956 publicam
432 899 646 940 accessisse
675 903 718 938 et
747 903 929 954 quatuor
970 899 1086 939 annis
1126 906 1244 954 post,
1297 916 1395 943 cum
1422 902 1525 943 Plu-

197 978 262 1012 tus
291 972 442 1013 iterum
471 970 719 1020 doceretur,
758 969 809 1010 ab
851 984 899 1010 ea
925 971 1015 1011 fere
1041 972 1268 1013 recessisse.
1323 973 1389 1013 Ad
1416 973 1525 1015 hanc

196 1045 443 1086 sententiam
479 1042 722 1084 firmandam
761 1041 876 1084 aliud
903 1042 1086 1095 afferam,
1130 1045 1315 1101 quamvis
1362 1046 1405 1086 in
1441 1048 1527 1088 sola

197 1117 438 1158 coniectura
465 1116 660 1171 positum.
706 1112 1031 1169 Aristophanem
1051 1116 1249 1158 videlicet
1275 1118 1526 1173 lepidissima

200 1188 271 1230 illa
310 1190 619 1230 narratiuncula
654 1192 735 1241 (vv.
764 1186 1028 1238 716—725.)
1065 1189 1118 1230 de
1144 1190 1351 1232 Neoclidis
1381 1192 1525 1241 oculis,

199 1260 445 1313 Aesculapio
474 1264 646 1299 auctore
673 1257 789 1298 miris
815 1248 1125 1299 medicamentis
1148 1255 1456 1312 paene'exustis,
1468 1261 1527 1301 ita

199 1330 252 1372 ad
278 1344 369 1371 rem
398 1344 537 1370 veram
564 1328 787 1384 respexisse
815 1329 967 1381 credo,
1009 1335 1058 1369 ut
1091 1333 1182 1370 tum
1209 1330 1409 1385 temporis
1437 1332 1525 1372 sive

198 1404 393 1445 casu-sive
408 1404 667 1443 medicorum
693 1403 904 1456 imperitia
923 1401 1129 1443 Neoclidis
1155 1403 1368 1457 lippitudo
1389 1406 1455 1445 vel
1482 1405 1525 1444 in

198 1475 437 1516 caecitatem
456 1474 682 1528 transierit,
718 1475 784 1514 vel
807 1486 1060 1528 magnopere
1078 1474 1222 1528 saltem
1242 1477 1362 1525 aucta
1385 1476 1526 1516 fuerit.

200 1547 321 1586 Hunc
361 1547 488 1600 igitur
523 1541 663 1586 casum
708 1545 891 1585 ‘hominis
928 1536 1157 1599 perniciosi
1199 1561 1247 1586 ac
1287 1536 1526 1602 nequissimi

201 1633 285 1658 non
313 1618 592 1659 miserandum
629 1621 735 1675 ficta,
754 1618 825 1658 illa
851 1618 1090 1659 narratione
1118 1620 1421 1673 spectatoribus
1450 1620 1527 1660 de-

200 1687 422 1730 ridendum
447 1702 689 1742 proponere
715 1694 882 1743 poterat
909 1689 1230 1744 Aristophanes,
1277 1690 1343 1731 vir
1369 1694 1402 1731 si
1432 1693 1523 1747 quis

201 1759 302 1802 alius
341 1760 624 1801 solertissimus
665 1759 709 1799 in
748 1760 874 1800 rebus
916 1761 1029 1801 forte
1064 1760 1237 1802 obiectis
1273 1762 1522 1816 arripiendis

202 1831 336 1887 iisque
366 1830 419 1870 ad
445 1831 574 1871 risum
601 1827 862 1870 excitandum
889 1828 1198 1883 detorquendis.
1282 1831 1405 1872 Certe
1434 1847 1521 1873 non

199 1904 322 1945 facile
361 1901 649 1958 intelligitur,
674 1901 885 1959 quomodo
925 1901 1028 1943 haec
1068 1901 1285 1946 historiola
1313 1905 1401 1947 sine
1437 1907 1526 1949 ,ulla

197 1976 442 2028 occasione,
470 1981 518 2016 ut
545 1977 604 2017 ita
631 1975 784 2026 dicam,
812 1980 981 2016 externa
1006 1979 1102 2030 apte
1130 1977 1292 2016 narrari
1320 1981 1523 2032 potuerit.

200 2046 296 2098 Qua
322 2046 375 2089 de
402 2062 522 2089 causa
551 2046 677 2087 etiam
703 2047 787 2097 illi,
815 2047 965 2102 quibus
995 2045 1095 2087 haec
1123 2047 1367 2089 coniectura
1394 2050 1521 2090 auda-

201 2117 294 2157 cior
318 2117 527 2168 videatur,
571 2130 621 2157 ex
660 2116 740 2159 hac
779 2117 1017 2158 narratione
1045 2131 1249 2171 apparere
1278 2119 1517 2169 concedent,

141 2197 151 2208 ·
198 2190 441 2232 Neoclidem
468 2189 542 2232 illo
581 2194 774 2247 tempore
801 2191 884 2231 iam
910 2191 999 2231 fere
1027 2205 1052 2230 a
1078 2191 1202 2232 rebus
1230 2192 1418 2245 gerendis
1445 2192 1519 2232 ab·

201 2261 401 2311 stinuisse,
429 2262 515 2303 sive
543 2262 764 2302 oculorum
791 2262 940 2301 morbo
978 2268 1168 2302 coactum
1195 2263 1282 2303 sive
1310 2278 1331 2301 a
1359 2264 1517 2316 populo

200 2331 299 2388 >ipso
339 2332 621 2389 repudiatmn3
660 2347 745 2389 quo
795 2347 988 2374 concesso
1031 2346 1173 2373 rursus
1210 2332 1397 2386 sequitur
1440 2330 1517 2374 hos
1581 2384 1589 2391 f

1623 356 1655 392 7
