1702 2821
1441 49 1494 92 33

173 152 341 194 demum
368 150 479 208 apud
515 161 586 187 eos
612 144 807 200 antiquae
836 141 1081 185 comoediae
1106 149 1267 196 poetas,
1309 143 1382 200 qui
1411 143 1493 184 iam

177 221 356 263 mediam
410 220 654 272 attigerunt,
724 221 770 255 ut
819 214 929 271 apud
976 212 1294 269 Theopompum
1334 217 1493 271 Dioge-

171 294 233 334 nis
261 295 395 334 Laert.
420 291 487 330 ΙΙΙ.
518 284 583 328 26.
613 287 655 327 in
683 286 820 348 fabula
849 277 1095 340 ‘Hd‘vxdpqc
1119 284 1341 337 inscripta,
1368 303 1497 343 quam.

172 366 224 406 ad
265 365 443 406 mediam
471 360 728 401 comoediam
767 359 982 401 accessisse
1021 359 1106 399 iam
1146 357 1244 399 inde
1294 362 1490 412 amparet,

171 439 284 493 quod
317 434 498 475 Platonis
551 432 721 474 Phaedo
759 433 803 473 in
844 446 892 472 ea
929 430 1110 480 ridetur3
1150 432 1201 473 cf.
1245 430 1414 473 Meinek
1449 433 1492 472 Π.

169 522 209 562 p.
238 504 303 549 69.
332 504 463 545 Locus
494 499 575 544 est:

852 571 899 616 ἓν
924 571 1002 630 γάρ
1027 572 1120 616 ἔστι
1150 570 1250 617 οὐδὲ
1282 573 1351 627 ἓν,

307 644 359 689 τὰ
391 646 438 690 δὲ
469 643 548 689 δύο
573 644 692 701 μόλις
718 645 765 689 ἕν
793 644 929 701 ἕστμ,
964 643 1021 697 ὥς
1049 660 1160 704 φησι
1186 644 1382 689 Πλάτων.

171 722 330 762 Mediae
340 728 461 777 atque
470 722 714 762 recentioris
724 721 965 762 comoediae
975 727 1122 776 poetae
1133 726 1217 761 tam
1229 735 1350 774 saepe
1362 722 1488 761 istum

170 793 327 833 hiatum
354 793 631 842 admiserunt,
660 797 707 831 ut
726 795 793 842 eoj
807 793 1001 835 delectati
1025 806 1110 833 esse
1130 791 1363 834 videantur.
1395 792 1492 831 Ari-

148 864 319 917 -ssisspho
347 863 549 903 Athenaei
578 857 642 904 Vl.
673 878 714 917 p.
745 863 837 905 238.
868 878 903 904 c·

352 929 452 989 πρὸς
476 933 556 986 μὲν
582 930 629 974 τὸ
656 934 801 987 πεινῆν
836 931 998 975 ἐσθίειν
1024 948 1067 975 τε
1093 932 1203 987 μηδὲ
1237 931 1298 974 ἓν.
1374 947 1379 952 ·

170 1007 395 1047 Menander
436 1007 604 1046 Stohaei
642 1005 772 1046 Serm.
823 1007 948 1046 CXX.
993 1022 1035 1061 p.
1064 1005 1156 1048 607.
1199 1006 1346 1056 Gesn.,
1393 1005 1484 1047 501.

173 1080 314 1131 Grotl,
341 1079 452 1134 apud
480 1078 657 1120 Meinek·
697 1094 738 1134 Ρ.
770 1080 860 1122 251.

715 1171 770 1186 -ι-
795 1149 848 1193 τί
869 1151 908 1193 δ’
922 1146 975 1194 ἂν
998 1150 1092 1206 &ot
1126 1150 1266 1209 νεκρὸς

181 1264 184 1266 ,
318 1217 500 1275 ἀγαθὸν,
538 1217 639 1263 ὅπου
669 1219 703 1277 γ’
725 1220 767 1263 οἱ
789 1222 937 1273 ζῶντες
961 1222 1115 1278 ἐβςομεν
1144 1222 1246 1266 οὐδὲ
1273 1222 1353 1274 ἔῃ»

170 1293 360 1334 Philemo
389 1294 557 1335 Stobaei
586 1295 716 1337 Serm.
748 1295 852 1338 CVI.
883 1311 924 1351 p.
947 1295 1040 1339 568.
1075 1297 1212 1348 Gesn„
1233 1293 1325 1340 455.
1357 1298 1491 1348 Grot„

175 1361 354 1408 Meinek.
383 1382 425 1422 p.
452 1366 545 1409 404.

322 1432 568 1492 ’Ἀνθρωπος
593 1433 892 1493 «εἶ-δήπουθεν,
922 1432 981 1482 ὧν
1009 1438 1095 1482 ἔστ’
1127 1436 1227 1482 οῦδὲ
1258 1436 1330 1490 εἷς.

172 1509 278 1563 Lege
305 1512 542 1564 praeterea,
572 1511 606 1551 si
633 1512 737 1551 tanti
767 1516 839 1563 est,
868 1512 1143 1553 Menandrum
1170 1512 1339 1554 stobaei
1367 1514 1418 1553 X·
1451 1529 1491 1567 p.

176 1581 263 1622 127.
294 1580 429 1631 Gesn.‚
458 1580 569 1636 apud
585 1582 764 1623 Meinek.
792 1597 835 1638 Ρ.
848 1581 901 1635 4.,
929 1583 1132 1624 Athenaei
1159 1583 1257 1625 Vlll.
1286 1599 1327 1639 p.
1348 1584 1441 1627 559.
1458 1601 1492 1625 c.

174 1652 352 1693 Meinek.
380 1667 421 1710 p.
451 1652 529 1702 26„
557 1653 847 1695 Philemonem
873 1654 1042 1697 stobaei
1068 1655 1287 1698 xxxvnl.
1327 1671 1366 1711 p.
1399 1657 1487 1698 221.

175 1723 309 1774 Gesn.‚
337 1722 447 1778 apud
474 1723 727 1765 Meinekium
753 1739 794 1779 p.
821 1725 929 1776 418„
957 1726 1137 1778 Lxxlx.
1166 1741 1207 1781 p.
1233 1725 1326 1786 4675
1356 1728 1490 1776 Gesn.,·

175 1797 285 1851 apud
313 1791 490 1839 Meinek.
522 1812 563 1852 p.
593 1796 699 1850 360„
729 1798 772 1839 C.
809 1813 851 1853 Ρ.
883 1796 975 1840 594.
1004 1799 1143 1850 Gesn„
1171 1800 1282 1855 apud
1309 1799 1487 1841 Meinek.

176 1877 217 1921 p.
244 1866 336 1910 413.

282 2083 401 2138 plum
427 2079 604 2141 Etymol.
636 2079 771 2142 Magn.
803 2093 833 2129 s.
863 2103 904 2127 v.
935 2079 1147 2144 στατῆρες.
1213 2081 1274 2132 Ex
1301 2085 1494 2147 antiquae

284 2138 522 2179 comoediae
549 2140 684 2195 poetis
711 2144 881 2184 fortasse
909 2157 1013 2185 unus
1038 2151 1082 2187 et
1109 2146 1214 2186 alter
1242 2146 1283 2185 in
1312 2160 1492 2200 pangen-

285 2192 346 2231 dis
392 2195 573 2235 numeris
614 2194 888 2252 negligentior
914 2197 1021 2240 hanc
1049 2200 1129 2242 sibi
1152 2199 1316 2241 veniam
1340 2199 1493 2249 sumsit,

285 2250 333 2284 ut
360 2246 502 2289 Crates-
534 2249 737 2292 Athenaei
764 2251 832 2293 VI.
861 2266 902 2306 Ρ.
933 2253 1024 2296 267.
1054 2268 1091 2295 e.

364 2297 505 2342 ἔπειτα
533 2302 682 2344 δοῦλον
710 2300 832 2348 οὐδὲ
860 2318 879 2346 ε
898 2299 947 2357 ἷς
973 2301 1171 2361 κεκτήσετ’
1200 2302 1297 2348 οὐδὲ
1327 2303 1488 2360 δούλην.

1167 2392 1193 2431 5
