1702 2821
224 101 257 144 4

227 203 344 231 mere
369 188 480 231 bona
508 202 582 231 sua
609 188 873 243 distribuere,
915 194 957 231 et
983 194 1187 254 mutatum
1213 191 1258 233 in
1286 192 1431 237 melius
1460 208 1552 236 om.

224 261 295 303 nia
322 261 402 312 iri,
430 262 467 302 si
497 262 648 305 iustior
686 264 775 321 ipsa
815 270 946 312 esset·;
984 255 1056 306 aut
1090 263 1334 308 Fischerum
1364 266 1549 323 aliosque

221 334 289 376 his
317 335 528 378 simillima
566 335 797 381 afferentes.
853 336 937 378 Sed
965 347 1110 381 omnes
1136 338 1216 391 illi,
1254 337 1328 396 qui
1354 337 1463 382 hane
1487 338 1549 383 fa-

217 409 368 455 bulam
390 411 442 452 ab
468 408 748 467 Aristophane
777 423 828 451 eo
865 408 1041 453 consilio
1076 412 1275 468 scriptam
1309 417 1353 456 et
1385 412 1550 457 docum

222 495 311 523 esse
338 487 546 531 statuunt,
577 468 623 525 ut
650 481 812 524 rideret
838 482 1110 529 Athenienses
1138 484 1254 525 malis
1289 485 1446 529 artibus
1484 484 1551 529 di-

220 553 347 606 vites,
374 553 583 617 simulque
613 555 854 598 ostenderet
881 557 975 598 fore
1003 561 1051 597 ut
1077 570 1143 598 res
1170 557 1306 600 multo
1330 560 1453 616 aliter
1478 574 1549 601 ea-

221 627 361 678 deret,
390 627 425 673 si
454 627 625 670 divitiae
645 629 799 673 'iustius
837 631 1065 687 unicuique
1093 645 1118 672 a
1144 631 1315 675 fortuna
1340 617 1427 673 non
1452 645 1548 674 eae-

218 715 268 743 ca
293 699 606 752 tribuerentur,
636 701 704 742 isti
732 701 917 757 inquam,
942 699 1094 757 parum
1121 702 1356 747 honorifice
1383 702 1436 746 de
1468 717 1549 745 no-

216 777 305 813 stro
344 776 470 832 poeta
506 771 718 823 sentiunt,
756 786 882 830 quem
921 773 1154 815 existimant
1194 775 1394 818 cecinisse
1435 777 1549 820 inam

214 831 437 890 bomin'um
466 857 518 885 ex.
542 843 712 891 misella'
728 845 949 899 plebecula
977 845 1249 899 cantilenam,
1277 846 1366 890 h.e.
1395 845 1449 889 de
1468 847 1549 890 ho:-

212 914 278 959 nis
306 930 331 956 a
359 916 439 959 deo
476 932 506 957 s.
543 918 713 958 fortuna
753 918 841 960 sine
881 918 966 959 ulla
1001 910 1167 960 ratione
1204 918 1318 961 inter
1356 917 1547 961 homines

213 990 443 1046 dispartitis
473 995 666 1046 questum
694 1004 791 1032 esse.
846 990 1047 1032 Profecto
1076 1004 1161 1032 non
1189 990 1224 1032 is
1261 996 1352 1032 erat
1384 988 1548 1033 Aristo-

209 1065 368 1125 phanes
381 1094 393 1115 ,
422 1063 496 1120 qni
525 1064 716 1105 fortunas
745 1063 835 1105 aliis
858 1064 971 1105 forte
1009 1063 1192 1107 obiectas
1226 1060 1377 1106 lividus
1410 1065 1549 1122 suspi-

211 1140 351 1188 ceret,
380 1134 453 1178 sed
482 1135 554 1192 qui
584 1134 673 1194 ipse
702 1134 891 1179 homines
926 1133 1153 1176 invidiosos
1181 1135 1333 1178 acerbe
1365 1139 1545 1178 notaret.

208 1208 275 1248 Illi
312 1221 447 1262 porro
468 1207 734 1262 paupertatis
770 1206 1056 1248 interventum
1084 1203 1211 1259 (415-
1224 1205 1334 1258 609.)
1372 1220 1544 1264 prorsus

208 1292 567 1333 supervacaneum
595 1277 784 1321 iudicent
808 1292 976 1320 necesse
1005 1283 1067 1320 est
1095 1278 1218 1329 (conf.
1230 1277 1355 1319 Beck.
1384 1277 1543 1318 Comm.

208 1351 253 1392 in
281 1351 495 1412 Aristoph.
517 1352 566 1393 T.
592 1354 658 1394 111.
692 1367 735 1408 p.
758 1352 821 1396 11.
842 1357 929 1393 not.
950 1353 1031 1408 p.),
1060 1352 1177 1393 cuius
1205 1341 1415 1394 sermones
1437 1348 1542 1393 adeo

208 1424 410 1464 cumulati
447 1429 564 1474 sunt,
606 1430 693 1464 tam
725 1436 873 1465 severe
914 1422 1151 1475 (507-516-
1188 1419 1408 1468 522-534.
1438 1415 1542 1465 550-

206 1492 322 1541 554.)
352 1499 395 1533 et
420 1493 473 1533 ad
495 1493 831 1547 persuadendum
859 1500 956 1549 apte
985 1493 1093 1546 (571.
1121 1492 1231 1544 600.)
1257 1492 1540 1549 pronunciati,

205 1570 255 1608 ut
289 1565 350 1607 illi
380 1579 465 1606 non
494 1564 661 1606 ridendi
681 1581 819 1608 eausa
841 1566 1031 1619 immixti,
1070 1566 1144 1608 sed
1173 1566 1227 1608 ad
1250 1564 1540 1608 illustrandum

205 1643 358 1693 poetae
383 1643 429 1680 et
447 1638 612 1679 fabulae
642 1638 863 1682 consilium
878 1639 999 1680 *allati
1024 1638 1161 1681 videri
1188 1638 1376 1680 debeant.
1432 1636 1540 1677 Om-

204 1712 309 1757 nino
346 1712 418 1753 illa
446 1712 631 1754 insanam
659 1718 746 1753 esse
776 1712 1019 1755 divitiarum
1052 1705 1340 1768 cupiditatem*
1354 1708 1540 1751 ostendit

205 1798 383 1846 eamque
403 1784 607 1845 optimam
637 1785 748 1827 vitae
781 1784 1090 1837 conditionem,
1118 1798 1226 1845 quac
1246 1796 1385 1841 neque
1411 1782 1536 1825 rebus

205 1858 411 1911 abundet,
441 1873 579 1916 neque
598 1857 651 1901 ad
682 1858 858 1901 honeste
883 1857 1109 1904 vivendum
1132 1858 1372 1901 necessariis
1393 1862 1535 1916 egeam

205 1935 333 1986 atque
373 1931 457 1972 hoc
506 1931 643 1986 ipsum
683 1935 731 1971 ut
761 1931 920 1972 civibus
971 1930 1053 1972 suis
1094 1930 1320 1986 probaret,
1366 1934 1536 1988 poetam

205 2001 335 2060 egisse
386 2002 533 2044 melius
582 2002 826 2062 apparebit,
865 2003 900 2043 si
942 2001 1071 2043 totius
1111 2002 1276 2043 fabulae
1325 2000 1535 2042 actionem

205 2070 620 2114 consideraverimus.
678 2073 783 2114 Nam
807 2086 861 2114 eo
879 2074 954 2113 ver
966 2071 1144 2114 maxime
1155 2076 1352 2114 errarunt
1378 2071 1446 2112 isti
1467 2071 1535 2112 in-

203 2148 410 2198 terpretes
422 2174 436 2196 ,
470 2141 586 2200 quod
623 2145 836 2201 Chremyli
866 2145 1085 2186 eonsilium
1113 2149 1157 2184 et
1184 2147 1381 2185 conatum
1405 2143 1533 2183 Pluto

204 2213 340 2255 visum
358 2214 608 2257 restituendi
627 2215 851 2258 absurdum
873 2230 959 2259 esse
979 2221 1022 2257 et
1043 2216 1192 2258 insanis
1208 2220 1372 2258 tantum
1393 2212 1534 2256 homi-

206 2285 329 2330 nibus
354 2283 524 2340 dignum
553 2302 640 2330 non
670 2286 1078 2338 animadverterunt,
1102 2284 1229 2343 idque
1254 2285 1467 2343 inceptum
1483 2288 1532 2324 ut
1597 2336 1599 2339 r

205 2355 474 2400 vanissimum
499 2373 523 2399 a
551 2362 676 2414 poeta
705 2358 796 2415 ipso
830 2358 1009 2403 describi
1040 2373 1125 2402 non
1159 2358 1294 2403 solum
1317 2355 1457 2402 multis
1486 2355 1531 2398 in
