1702 2821
67 803 93 827 f:
97 806 113 829 6

260 169 332 213 ⁴16

277 288 384 331 neiis
423 288 674 346 luxuriaque
722 287 934 330 diffiuuus=
983 302 1070 331 uun
1108 290 1222 333 euim
1258 291 1433 348 dubito,
1479 295 1581 351 quin
1615 267 1628 342 J

275 362 534 418 fragmento,
563 376 610 402 ex
636 359 786 426 eadem
814 359 958 401 fabula
988 361 1041 402 ab
1073 362 1291 407 Athenaeo
1308 352 1467 424 XV.'p.
1485 367 1583 411 685.

278 447 320 480 a.
350 438 535 484 servato,
568 432 657 487 ipse
684 430 1142 475 Plutusdescribatur.
1197 436 1333 479 Locus
1360 437 1432 479 hic
1462 445 1545 482 est:

322 514 394 564 Ὠ
419 516 615 574 μαλάχας
645 517 726 573 μὲν
752 519 919 577 ἐξερῶν,
946 515 1162 565 ἆναπνὲων
1187 518 1233 566 δ’
1261 521 1476 582 ὗᾶκινθον,

331 589 405 633 καὶ
426 588 703 643 μελιλώτινον
731 592 874 635 λαλῶν
898 590 1444 658 καζψρρωὸζᾳψπρρισῇε-σῃρρς.
1471 598 1475 601 ’
1548 618 1551 621 ·

278 675 281 679 ’
332 655 368 704 ὦ
398 662 537 718 φιλῶν
561 662 641 717 μὲν
668 658 899 719 ἀμάρακον,
924 657 1164 720 προσκινῶν
1191 666 1237 709 δὲ
1248 669 1250 672 ’
1263 666 1423 721 σέλινα,
1457 675 1459 677 ’

330 733 474 791 γελῶν·
493 730 536 776 δ’
574 731 822 777 ἱπποσέλινα
851 733 927 776 καί·
956 734 1283 789 κοσμοσάνδαλα
1308 738 1479 793 βαίνων,

283 807 286 810 ’
331 802 443 860 ἐῇκχὲι
471 800 655 860 κάπιβόα
680 801 1292 870 ngssssqffflngggiffio—gl
1309 808 1438 851 ἐστίν.

275 886 396 935 ‘Deus
425 892 513 945 ille,
546 891 738 933 omnium
764 891 980 934 bonorum
1010 900 1185 947 auctor,
1225 910 1269 936 m
1280 894 1395 937 alva
1407 910 1425 937 s
1464 911 1524 939 ev
1535 911 1585 938 o-

274 961 344 1007 rni
357 971 398 1015 t,
434 964 479 1004 h.
514 979 551 1005 e.
595 955 795 1005 defluunt‘
813 965 980 1006 malvae
1008 965 1096 1024 eius
1128 980 1177 1007 ex
1213 979 1313 1017 ore,
1362 965 1586 1023 hyacin-

274 1036 424 1080 thum
450 1034 654 1095 spirat,
699 1034 1079 1078 melilotinum
1113 1036 1392 1096 loquitur,
1432 1053 1586 1082 rosas

275 1106 559 1158 subridet,
606 1121 913 1149 amaracum
959 1121 985 1147 ο
999 1121 1052 1166 sc
1066 1107 1283 1159 ulatur,
1316 1108 1361 1150 h.
1392 1124 1431 1151 e.
1460 1109 1587 1152 oseu-

239 1226 241 1229 y
278 1178 407 1221 lando
438 1185 573 1231 creat,
603 1194 665 1235 ap
677 1178 691 1218 i
703 1194 733 1236 u
743 1172 787 1223 m
814 1193 838 1219 a
850 1177 878 1219 d
888 1193 931 1219 m
944 1192 970 1219 o
984 1194 1011 1220 v
1022 1192 1044 1220 e
1056 1185 1076 1220 t
1104 1180 1170 1232 (iis
1183 1179 1396 1234 videlicet,
1413 1180 1468 1223 ad
1481 1196 1588 1238 quos

275 1243 499 1302 accedit),
547 1250 703 1292 ridet
745 1249 864 1290 olus
913 1256 998 1290 atr
1014 1265 1094 1291 um
1131 1258 1185 1293 et
1223 1252 1442 1294 incedit
1477 1252 1589 1293 co's-

273 1313 318 1378 in
332 1320 536 1363 osanda
550 1320 617 1374 la,
658 1322 702 1362 h.
733 1335 772 1362 e.
818 1317 892 1360 illo
925 1320 1154 1364 incedente
1176 1315 1258 1365 vflos
1286 1316 1589 1367 cosmosanda„

273 1389 364 1437 lum
392 1395 592 1450 gignitur.
613 1416 615 1419 ·
651 1392 781 1444 Quod
806 1393 956 1449 priore
983 1394 1081 1434 loco
1126 1394 1372 1449 sperabant,
1392 1383 1394 1386 ⁵
1415 1389 1590 1437 foru'ut

274 1467 421 1520 omnia
452 1466 568 1505 bona
597 1464 700 1505 inde
729 1480 754 1505 a
783 1465 911 1505 Pluto
941 1464 1257 1516 redundarent,
1296 1465 1341 1505 id
1375 1464 1460 1506 hoc
1486 1464 1587 1505 loco

277 1527 365 1577 iam
394 1536 593 1577 effectum
622 1549 711 1576 esse
742 1533 1005 1592 significatur
1034 1535 1275 1595 nkissffiusjlpe
1306 1541 1351 1577 et
1372 1534 1588 1591 cogitandi

275 1596 322 1648 et
350 1607 523 1647 dicendi
549 1606 705 1657 modo,
751 1608 821 1647 cui
853 1607 989 1648 simile
1020 1605 1253 1663 quidquam
1283 1607 1349 1648 vix
1376 1607 1421 1647 in
1451 1597 1591 1647 Grae-2

230 1670 238 1687 ‘
275 1692 428 1718 corum
456 1677 608 1718 litteris
639 1676 895 1733 inveniatur.
966 1676 1015 1717 In
1050 1677 1235 1718 Per-sis
1278 1668 1409 1736 igitur
1436 1691 1589 1718 narra-

270 1747 427 1799 batur,
470 1747 689 1803 quomodo
728 1747 876 1788 Plutus
916 1761 940 1788 a
965 1747 1106 1788 Persis
1133 1748 1307 1789 veniens
1338 1737 1587 1791 admiranda

270 1818 387 1881 bona
419 1819 594 1859 afferret
608 1818 948 1870 Atheniensibus,
976 1818 1148 1860 insolita
1172 1825 1216 1860 et
1236 1818 1428 1859 inaudita
1455 1806 1587 1874 quae·-

274 1905 357 1946 que
389 1897 539 1946 optare
572 1896 616 1931 et
645 1904 819 1945 sperare
851 1890 1078 1933 consuetis.
1132 1890 1362 1932 Persarum
1386 1890 1585 1945 scriptor,

272 1962 359 2004 sive
385 1950 668 2002 Pherecrates
711 1957 799 2002 sive
845 1960 951 2001 alius
978 1961 1087 2013 fuit,
1124 1960 1237 2002 hanc
1266 1961 1456 2004 fabulam
1486 1964 1585 2002 aute

270 2020 562 2089 Aristophanis
602 2034 741 2074 Ranas
784 2032 928 2077 (conf.
969 2031 1101 2073 schol.
1133 2030 1358 2086 'Aristoph.
1389 2021 1444 2073 ad
1474 2024 1582 2076 Ran-

268 2091 362 2144 364.
408 2118 440 2142 s.
484 2103 577 2146 365.
588 2102 625 2157 )·
653 2103 818 2155 domin
875 2103 1062 2153 imitatus
1114 2108 1178 2147 est
1215 2102 1356 2159 ‘igitur
1411 2094 1585 2153 Plutum

275 2165 483 2229 'priorem-
1350 2171 1353 2174 ’
