1702 2821
1127 63 1151 95 8

174 162 200 203 2

168 250 399 294 accuratius
430 241 569 291 denuo
598 246 836 303 inspexerit,
866 258 1000 301 eoque
1028 243 1081 287 ad
1103 243 1320 286 consilium
1347 247 1494 286 vocato

167 328 338 366 Plutum
366 323 576 364 nonnullis
597 323 639 361 in
668 320 769 362 locis
792 318 1087 369 emendaverit,
1117 324 1159 359 et
1179 318 1223 359 in
1244 316 1381 358 verbis
1402 331 1497 357 sen-

165 396 393 452 tentiisque
408 390 671 448 explanandis
686 403 820 445 pauca
837 389 1105 443 suppleverit.
1144 387 1227 430 Sed
1250 377 1405 430 restant
1418 388 1499 431 alia

169 474 212 508 et
242 483 290 509 ea
319 465 489 522 quidem
508 462 560 503 ad
582 466 713 502 totam
741 460 924 503 fabulam
953 465 1065 501 recte
1095 460 1406 517 intelligendam
1432 462 1500 504 vel

168 539 344 579 maxime
383 533 634 584 necessaria,
685 532 737 572 de
789 532 940 588 quibus
979 536 1050 571 aut
1089 533 1260 574 omuino
1305 545 1501 587 perverse

149 594 241 650 'aut
282 621 433 662 parum
479 611 596 647 recte
645 603 863 659 hucusque
909 602 1165 658 disputatum
1200 609 1270 645 est.
1355 606 1499 661 Itaque

168 680 273 720 haec
301 678 383 720 fuit
413 676 591 718 instituti
617 676 701 716 mei
729 675 850 725 ratio,
881 680 928 714 ut
956 688 1063 730 quae
1090 676 1194 717 falso
1222 675 1404 730 exposita
1432 677 1503 716 aut

170 750 344 791 omnino
373 747 561 788 nondum
590 745 743 786 tradita
783 743 972 785 viderem
998 744 1051 785 ab
1079 745 1196 795 aliis,
1240 752 1312 786 aut
1349 746 1504 799 rectius

169 830 241 863 aut
270 822 322 861 de
355 820 519 874 integro
574 819 659 858 hoc
699 817 812 858 libro
841 816 1110 880 docerentur.
1172 818 1291 870 Quae
1318 825 1366 858 ut
1394 820 1507 860 dilu-

169 892 303 938 cidius
332 908 357 933 a
384 905 452 932 me
482 889 681 945 explicari
710 894 753 930 et
778 889 925 943 melius
944 890 996 945 ab
1016 889 1106 931 aliis
1131 889 1307 946 intelligi
1333 891 1506 946 possint,

168 979 236 1006 res
264 965 309 1005 in
348 964 474 1003 Pluto
504 966 634 1012 actas,
670 960 714 1000 h.
746 975 781 1002 e.
826 961 991 1003 fabulae
1019 967 1322 1016 argumentum,
1362 962 1504 1017 paucis

169 1034 415 1077 describam.

277 1107 412 1150 Senex
449 1107 719 1164 Chremylus,
764 1109 837 1164 qui
866 1093 1075 1149 consuluit
1113 1107 1319 1163 Apollinis
1356 1117 1508 1150 oracu-v

167 1186 268 1237 lum,
297 1189 443 1226 utrum
470 1179 578 1226 'filius
606 1198 701 1224 suus
730 1183 783 1224 ad
799 1182 1107 1239 impetrandam
1134 1182 1371 1225 feliciorem
1396 1182 1506 1227 vitae

169 1255 457 1296 conditionem
498 1259 722 1309 corruptos
779 1254 1016 1310 aequalium
1070 1264 1208 1295 mores
1262 1254 1419 1295 imitari
1454 1269 1507 1295 an

167 1324 300 1382 patris
336 1321 620 1383 integritatem
668 1341 835 1369 servare
878 1326 1046 1379 deheat,
1103 1325 1201 1368 inde
1250 1334 1347 1368 c'um
1383 1340 1505 1368 servo

167 1400 349 1442 Carione
376 1399 502 1452 redit,
530 1407 706 1456 accepto
737 1401 807 1442 dei
833 1412 1056 1457 responso,
1087 1407 1148 1453 ut,
1186 1397 1230 1443 in
1259 1416 1386 1458 quem
1412 1401 1507 1456 pria·

166 1486 285 1512 mum
314 1456 534 1523 inciderit,
572 1485 669 1513 eum
696 1477 955 1528 sequeretur.
1019 1472 1172 1514 Incidit
1199 1478 1340 1514 autem
1368 1473 1412 1513 in
1441 1481 1506 1513 se-

167 1558 266 1584 nem
294 1541 524 1595 sordidum,
554 1558 727 1586 caecum
754 1550 798 1586 et
825 1545 1018 1587 omnibus
1048 1545 1241 1600 corporis
1268 1544 1505 1587 incommo-

167 1614 230 1656 dis
271 1604 490 1667 afflictum,
531 1629 658 1671 quem
693 1627 844 1671 magno
885 1627 983 1660 cum
1019 1611 1171 1673 gaudio
1210 1615 1394 1658 Plutum·
1416 1626 1503 1656 esse

166 1687 389 1744 comperit,
418 1688 571 1745 cuique
599 1703 644 1731 se
672 1690 810 1732 visum
836 1686 1130 1732 restituturum
1158 1700 1244 1731 esse
1260 1689 1500 1744 pollicetur·

162 1759 267 1800 Eius
296 1760 456 1815 incepti
483 1761 532 1801 iit
558 1761 787 1816 participes
826 1763 928 1803 fiant
953 1761 1098 1811 amici,
1142 1760 1195 1800 ad
1220 1757 1314 1800 illos
1341 1760 1502 1802 victum
1551 1808 1554 1810 ,

164 1831 209 1871 in
250 1831 358 1886 agris
389 1832 564 1873 'moleste
602 1831 848 1889 quaerentes
885 1832 1018 1872 mittit
1053 1839 1221 1873 servum
1262 1829 1499 1884 Curionem,

166 1902 208 1941 et
235 1901 324 1958 ipse
353 1914 451 1944 cum
476 1904 604 1945 Pluto
633 1902 806 1944 domum
841 1916 956 1944 suam
982 1902 1114 1945 intrat
1144 1903 1338 1946 1—252
1397 1904 1498 1946 Ser-

163 1975 239 2016 vus
269 1984 365 2017 oum
391 1976 559 2019 rusticis
587 1976 668 2019 illis
708 1977 753 2019 in
782 1976 1042 2020 orchestram
1067 1978 1364 2034 progreditur,
1406 1968 1516 2020 eose-¹

165 2063 247 2105 que
275 2050 391 2093 varie
422 2048 562 2091 illusos
591 2049 644 2090 ad
672 2049 832 2092 domini
861 2050 1042 2093 domum>
1063 2051 1234 2094 arcessit
1264 2048 1501 2096 ess—321.-

162 2107 365 2163 Procedit
376 2105 653 2177 Cliremylus,
650 2123 865 2179 sociisque
881 2123 1062 2167 salutatis
1091 2130 1134 2167 et
1162 2124 1271 2168 nova
1296 2139 1346 2169 re
1354 2125 1500 2169 amico*

160 2190 424 2263 Blepsidemo
456 2193 660 2252 exposita,
705 2195 758 2239 ad
794 2198 931 2239 visum
965 2192 1092 2239 'Pluto
1119 2192 1425 2241 restituendum
1451 2212 1495 2241 se

161 2259 362 2323 accingit;
404 2253 702 2324 Paupertatem
729 2270 907 2327 propter
936 2271 1062 2314 istum
1089 2277 1285 2314 conatum
1302 2271 1492 2329 indigna-

159 2334 347 2384 hundam
374 2336 575 2395 retrudit,
616 2338 825 2401 deumque
862 2359 1032 2389 caecum
1060 2342 1149 2402 ipse
1176 2340 1281 2390 cum
1286 2351 1423 2392 servo
1448 2353 1490 2389 et

161 2405 424 2470 Blepsidem'o
452 2406 508 2460 ‘ad
535 2411 770 2476 Aesculapii
798 2420 1001 2478 templum
1029 2408 1209 2476 deducit,
1238 2420 1281 2466 in
1310 2426 1395 2478 quo
1416 2418 1489 2465 ille
